# Fichero de bibliografía (escribir en UTF-8)
@Manual{Luque2017,
  title = {Escribir un Trabajo Fin de Estudios con R Markdown},
  author = {Pedro L. Luque-Calvo},
  year = "2017",
  howpublished = {Disponible en \url{http://destio.us.es/calvo}}
}

@Manual{R-base,
  title = {R: A Language and Environment for Statistical
    Computing},
  author = {{R Core Team}},
  organization = {R Foundation for Statistical Computing},
  address = {Vienna, Austria},
  year = {2016},
  url = {https://www.R-project.org/},
}


@book{Wickham2017,
	Author = {Hadley Wickham and Garrett Grolemund},
	Edition = {First Edition},
	Publisher = {O'Reilly},
	Title = {R for Data Science: Import, Tidy, Transform, Visualize, and Model Data},
	Year = {2017}
}

@ARTICLE {Example1999,
    author  = "Example, The",
    title   = "This is an exmaple article not cited in the text",
    journal = "Journal of Examples",
    year    = "1999",
    volume  = "4",
    number  = "2",
    pages   = "1-9"
}
@ARTICLE {Example2000,
    author  = "Example, Other",
    title   = "This is another exmaple article not cited in the text",
    journal = "Journal of Examples",
    year = "2000",
    volume  = "7",
    number  = "1",
    pages   = "28-32"
}
@ARTICLE {Author2016,
    author  = "Author, The",
    title   = "This is an example article with a very boring name",
    journal = "Journal of Examples",
    year = "2016",
    volume  = "9",
    number  = "2",
    pages   = "67-70"
}
@ARTICLE {Blabla2010,
    author  = "Blabla, Bla",
    title   = "It is raining outside",
    journal = "Journal of Examples",
    year = "2010",
    volume  = "4",
    number  = "1",
    pages   = "90-97"
}
@ARTICLE {Author2013,
    author  = "Author, Another",
    title   = "Another example article with a title",
    journal = "Journal of Examples",
    year = "2013",
    volume  = "2",
    number  = "1",
    pages   = "21-23"
}

@Misc{Techopedia,
  title = {"Definition - What does Business Intelligence (BI) mean?"},
  author = {Techopedia},
  howpublished = {Disponible en \url{https://www.techopedia.com/definition/345/business-intelligence-bi}}
}

@Manual{Pentaho2,
  title = {¿Qué es pentaho?},
  author = {Gravitar, Información sin límites},
  year = "2013",
  howpublished = {Disponible en \url{http://gravitar.biz/pentaho/}, version 1.6.0}
}

@Manual{RStudio, 
  title = {RStudio: Integrated Development Environment for R}, 
  author = {{RStudio Team}}, 
  organization = {RStudio, Inc.}, 
  address = {Boston, MA}, 
  year = {2015}, 
  url = {http://www.rstudio.com/}
}
@article{puente2004economia,
  title={La economía política del gasto social en Venezuela},
  author={Puente, Jos{\'e} Manuel},
  journal={Revista del BCV},
  volume={18},
  number={1},
  year={2004}
}
@article{Taleb_El_2008,
	title = {El cisne negro.},
	author = {Taleb, N},
	year = {2008},
	journal = {R Filella Trad Barcelona Paids},
	note = {[Original String]:
Taleb, N. (2008). El cisne negro. (R. Filella, Trad.) Barcelona: Paidós.}
},
@book{Sperber_Explaining_2013,
	title = {Explaining culture: A naturalistic approach.},
	author = {Sperber, D},
	year = {2013},
	volume = {15},
	note = {[Original String]:
Sperber, D. (1996). Explaining culture: A naturalistic approach. Oxford: Blackwell Publishing. Retrieved Abril 15, 2013, from ArxXiv: http://arxiv.org/abs/0907.4290}
},
@book{Sornette_de_2018,
	title = {de Diciembre de .},
	author = {Sornette, D and , Dragon-Kings Black},
	year = {2018},
	note = {[Original String]:
Sornette, D. (10 de Diciembre de 2018). Dragon-Kings, Black Swans and the Prediction of Crises. Obtenido de ArxXiv: http://arxiv.org/abs/0907.4290}
},
@article{Soria_Teoria_1992,
	title = {Teoría de fenómenos críticos y transiciones de fases desde un punto de vista riguroso.},
	author = {Soria, J},
	year = {1992},
	journal = {Revista Mexicana de Fsica},
	volume = {38},
	number = {4},
	pages = {643-663},
	note = {[Original String]:
Soria, J. (1992). Teoría de fenómenos críticos y transiciones de fases desde un punto de vista riguroso. Revista Mexicana de Física, 38(4), 643-663.}
},
@book{Lucena_Siso_2013,
	title = {Desigualdad Territorial en Venezuela: Una aproximación a través de indicadores socioeconómicos. Terra Nueva 55), . Retrieved from http://www.redalyc.org/articulo.oa?id=7215617},
	author = {Lucena, C and Mac-Quhae, R and Etapa, XXXIV},
	year = {2013},
	pages = {1-24},
	note = {[Original String]:
Siso Lucena, C., Mac-Quhae, R. (2018). Desigualdad Territorial en Venezuela: Una aproximación a través de indicadores socioeconómicos. Terra Nueva Etapa, XXXIV(55), 1-24. Retrieved from http://www.redalyc.org/articulo.oa?id=72156172013}
},
@article{Shrout_Intraclass_1979,
	title = {Intraclass correlations: uses in assessing rater reliability.},
	author = {Shrout, P E and Fleiss, J L},
	year = {1979},
	journal = {Psychological bulletin},
	volume = {86},
	number = {2},
	ISSN = {0033-2909},
	pages = {420-8},
	url = {http://www.ncbi.nlm.nih.gov/sites/entrez?Db=pubmed&DbFrom=pubmed&Cmd=Link&LinkName=pubmed_pubmed&LinkReadableName=Related%20Articles&IdsFromResult=18839484&ordinalpos=3&itool=EntrezSystem2.PEntrez.Pubmed.Pubmed_ResultsPanel.Pubmed_RVDocSum}
},
@article{Senn_with_2003,
	title = {with John Nelder.},
	author = {Senn, S and , A},
	year = {2003},
	journal = {Statistical Science},
	volume = {18},
	number = {1},
	pages = {118-131},
	note = {[Original String]:
Senn, S. (2003). A Conversation with John Nelder. Statistical Science, 18(1), 118-131.}
},
@article{Schoreder_Fractals_1990,
	title = {Fractals, chaos, power laws.},
	author = {Schoreder, M},
	year = {1990},
	journal = {New York W H Freeman},
	note = {[Original String]:
Schoreder, M. (1990). Fractals, chaos, power laws. New York: W. H. Freeman.}
},
@article{Pinheiro_R-core._2019,
	title = {R-core. . Linear and Nonlinear Mixed Effects Models.},
	author = {Pinheiro, J and Bates, D and DebRoy, S and Sarkar, D},
	year = {2019},
	journal = {R package version 3},
	pages = {1-140},
	note = {[Original String]:
Pinheiro, J., Bates, D., DebRoy, S., Sarkar, D., R-core. (2019). Linear and Nonlinear Mixed Effects Models. R package version 3.1-140.}
},
@article{Lee_Enhanced_2017,
	title = {Enhanced Control of Cortical Pyramidal Neurons With Micromagnetic Stimulation.},
	author = {Lee, Seung Woo and Fried, Shelley I},
	year = {2017},
	journal = {IEEE transactions on neural systems and rehabilitation engineering : a publication of the IEEE Engineering in Medicine and Biology Society},
	volume = {25},
	number = {9},
	ISSN = {1534-4320},
	DOI = {10.1109/TNSRE.2016.2631446},
	pages = {1375-1386},
	url = {http://www.ncbi.nlm.nih.gov/sites/entrez?Db=pubmed&DbFrom=pubmed&Cmd=Link&LinkName=pubmed_pubmed&LinkReadableName=Related%20Articles&IdsFromResult=27893396&ordinalpos=3&itool=EntrezSystem2.PEntrez.Pubmed.Pubmed_ResultsPanel.Pubmed_RVDocSum}
},
@book{Lee_Generalized_2017,
	title = {Generalized linear models with random effects, Unified Analysis via H-likelihood (Segunda ed.},
	author = {Lee, Y and Nelder, JA and Pawitan, Y},
	year = {2017},
	note = {[Original String]:
Lee, Y., Nelder, J. A., & Pawitan, Y. (2017). Generalized linear models with random effects, Unified Analysis via H-likelihood (Segunda ed.). Boca Ratón, Fl.: Taylor & Francis Group.}
},
@book{Lee_Generalized_2017,
	title = {Generalized linear models with random effects (Segunda ed.},
	author = {Lee, Y and Nelder, JA and Pawitan, Y and Florida, EEUU and , CRC},
	year = {2017},
	note = {[Original String]:
Lee, Y., Nelder, J. A., Pawitan, Y. (2017). Generalized linear models with random effects (Segunda ed.). Boca Raton, Florida, EEUU: CRC Press.}
},
@article{Lee_Double_2018,
	title = {Double Hierarchical Generalized Linear Models.},
	author = {Lee, Y and Noh, M},
	year = {2018},
	journal = {R package version 20},
	note = {[Original String]:
Lee, Y., Noh, M. (2018). Double Hierarchical Generalized Linear Models. R package version 2.0.}
},
@article{Ker_Application_2014,
	title = {Application of Hierarchical Linear Models/Linear Mixed-effects Models in School Effectiveness Research.},
	author = {Ker, HW},
	year = {2014},
	journal = {Universal Journal of Educational Research},
	volume = {2},
	number = {2},
	pages = {173-180},
	note = {[Original String]:
Ker, H. W. (2014). Application of Hierarchical Linear Models/Linear Mixed-effects Models in School Effectiveness Research. Universal Journal of Educational Research, 2(2), 173-180.}
},
@article{Kadanoff_Neurotization_1969,
	title = {[Neurotization and innervation of the human scar-keloids].},
	author = {Kadanoff, D},
	year = {1969},
	journal = {Zeitschrift fur Haut- und Geschlechtskrankheiten},
	volume = {44},
	number = {21},
	ISSN = {0044-2844},
	pages = {925-30},
	url = {http://www.ncbi.nlm.nih.gov/sites/entrez?Db=pubmed&DbFrom=pubmed&Cmd=Link&LinkName=pubmed_pubmed&LinkReadableName=Related%20Articles&IdsFromResult=5396789&ordinalpos=3&itool=EntrezSystem2.PEntrez.Pubmed.Pubmed_ResultsPanel.Pubmed_RVDocSum}
},
@book{Hox_v_2018,
	title = {v. . Multilevel Analysis, Techniques and Applications (Tercera ed.},
	author = {Hox, JJ and Moerbeek, M and Schoot, R},
	year = {2018},
	note = {[Original String]:
Hox, J. J., Moerbeek, M., Schoot, R. v. (2018). Multilevel Analysis, Techniques and Applications (Tercera ed.). York: Routledge.}
},
@book{Heck_An_2015,
	title = {An introduction to multilevel modeling techniques (Tercera ed.},
	author = {Heck, RH and Thomas, SL},
	year = {2015},
	note = {[Original String]:
Heck, R. H., Thomas, S. L. (2015). An introduction to multilevel modeling techniques (Tercera ed.). New York: Routledge.}
},
@article{George_Diciembre_1976,
	title = {Diciembre). Science and Statistics.},
	author = {George, EP and Box, GE},
	year = {1976},
	journal = {Journal of the American Statistical Association},
	volume = {71},
	number = {356},
	pages = {791-799},
	note = {[Original String]:
George E. P. Box, G. E. (1976, Diciembre). Science and Statistics. Journal of the American Statistical Association, 71(356), 791-799.}
},
@book{Friedman_Statistical_2009,
	title = {Statistical models, theory and practice.},
	author = {Friedman, DA and Cambridge, UK},
	year = {2009},
	note = {[Original String]:
Friedman, D. A. (2009). Statistical models, theory and practice. Cambridge, U.K.: Cambridge University Press.}
},
@book{Freedman_Statistical_2010,
	title = {Statistical models and causal inference, with the Social Sciences.},
	author = {Freedman, D and , A},
	year = {2010},
	note = {[Original String]:
Freedman, D. (2010). Statistical models and causal inference, A Dialogue with the Social Sciences. New York: Cambridge University Press.}
},
@article{Field_Discovering_2012,
	title = {Discovering statistics using R.},
	author = {Field, A and Miles, J and Field, Z and , SAGE},
	year = {2012},
	journal = {London Ltd},
	note = {[Original String]:
Field, A., Miles, J., Field, Z. (2012). Discovering statistics using R. London: SAGE Publications Ltd.}
},
@book{Dawkins_El_1993,
	title = {El gen egoísta (Tercer ed.},
	author = {Dawkins, R},
	year = {1993},
	note = {[Original String]:
Dawkins, R. (1993). El gen egoísta (Tercer ed.). Barcelona: Salvat.}
},
@article{Castoradis_La_1975,
	title = {La Institución Imaginaria de la Sociedad.},
	author = {Castoradis, C},
	year = {1975},
	journal = {Barcelona Tuquets},
	note = {[Original String]:
Castoradis, C. (1975). La Institución Imaginaria de la Sociedad. Barcelona: Tuquets.}
},
@article{Bonet,
	title = {Reflexiones a propósito de indicadores},
	author= {Bonet i Agustí, L.},
	journal = {{Gestión Cultural Indicadores y Estadísticas Culturales}},
	volume = {2004},
	pages = {1-13},
	note = {[Original String]:
 (2004, Abril). Reflexiones a propósito de indicadores. Gestión Cultural: Indicadores y Estadísticas Culturales(7), 1-13.}
},
@article{Blakely_Epidermal_2000,
	title = {Epidermal growth factor receptor dimerization monitored in live cells.},
	author = {Blakely, B T and Rossi, F M and Tillotson, B and Palmer, M and Estelles, A and Blau, H M},
	year = {2000},
	journal = {Nature biotechnology},
	volume = {18},
	number = {2},
	ISSN = {1087-0156},
	DOI = {10.1038/72686},
	pages = {218-22},
	url = {http://www.ncbi.nlm.nih.gov/sites/entrez?Db=pubmed&DbFrom=pubmed&Cmd=Link&LinkName=pubmed_pubmed&LinkReadableName=Related%20Articles&IdsFromResult=10657132&ordinalpos=3&itool=EntrezSystem2.PEntrez.Pubmed.Pubmed_ResultsPanel.Pubmed_RVDocSum}
},
@article{Bennett_Remedial_1976,
	title = {Remedial education at Rampton.},
	author = {Bennett, B},
	year = {1976},
	journal = {Special education: forward trends},
	volume = {3},
	number = {4},
	ISSN = {0305-7526},
	pages = {25-8},
	url = {http://www.ncbi.nlm.nih.gov/sites/entrez?Db=pubmed&DbFrom=pubmed&Cmd=Link&LinkName=pubmed_pubmed&LinkReadableName=Related%20Articles&IdsFromResult=1006434&ordinalpos=3&itool=EntrezSystem2.PEntrez.Pubmed.Pubmed_ResultsPanel.Pubmed_RVDocSum}
},
@article{Bates_Linear_2019,
	title = {Linear Mixed-Effects Models using 'Eigen' and S4.},
	author = {Bates, D and Maechler, M and Bolker, B and Walker, S},
	year = {2019},
	journal = {R package version 1},
	pages = {1-21},
	note = {[Original String]:
Bates, D., Maechler, M., Bolker , B., & Walker, S. (2019). Linear Mixed-Effects Models using 'Eigen' and S4. R package version 1.1-21.}
},
@article{Decreto_Asamblea_2014,
	title = {Asamblea Nacional.},
	author = {Decreto, N and de Venezuela, N},
	year = {2014},
	journal = {Ley Orgnica de la Cultura  1411 Gaceta Oficial Extraordinaria de la Repblica Bolivariana  6 19 de noviembre de},
	volume = {154},
	note = {[Original String]:
Asamblea Nacional. (2014). Ley Orgánica de la Cultura, Decreto Nº 1.411. Gaceta Oficial Extraordinaria de la República Bolivariana de Venezuela Nº 6.154, 19 de noviembre de 2014.}
},
@article{Asamblea_2009,
	title = {Asamblea Nacional.},
	year = {2009},
	journal = {Constitucin de la Repblica Bolivariana de Venezuela  con la Enmienda No 1 sancionada por la Asamblea Nacional el 1401 Gaceta Oficial No 5908 extraordinario de fecha 19 de febrero de},
	volume = {1999},
	note = {[Original String]:
Asamblea Nacional. (2009). Constitución de la República Bolivariana de Venezuela 1999, con la Enmienda No. 1 sancionada por la Asamblea Nacional el 14/01/2009. Gaceta Oficial No. 5908, extraordinario de fecha 19 de febrero de 2009.}
},
@article{Ancidey_Agosto_2018,
	title = {Agosto . Informe final de pasantía realizada en la Dirección General del Despacho del Ministerio del Poder Popular para la Cultura.},
	author = {Ancidey, B},
	year = {2018},
	journal = {Universidad Central de Venezuela Postgrado de Modelos Aleatorios Caracas Autor},
	note = {[Original String]:
Ancidey, B. (Agosto 2018). Informe final de pasantía realizada en la Dirección General del Despacho del Ministerio del Poder Popular para la Cultura. Universidad Central de Venezuela, Postgrado de Modelos Aleatorios. Caracas: Autor.}
},
@book{Ancidey_a_2016,
	title = {a). La Reina Roja de Alicia en el Espejo y las carreras universitarias.},
	author = {Ancidey, B and En, G and , XIV},
	year = {2016},
	pages = {10-23},
	note = {[Original String]:
Ancidey, B. (2016a). La Reina Roja de Alicia en el Espejo y las carreras universitarias. En G. Graffe (Ed.), La Educación Universitaria como nicho de reflexión: Experiencias, éxitos, dificultades y retos (págs. 10-23). Caracas: Ediciones de la XIV Jornada de Investigación Educativa.}
},
@article{Ancidey_d_2015,
	title = {d). La paradoja del cupo universitario en Venezuela.},
	author = {Ancidey, B and , IV},
	year = {2015},
	journal = {de Ciencia tecnologa e Innovacin Crculo Militar Caracas Observatorio Nacional de Ciencia y Tecnologa},
	note = {[Original String]:
Ancidey, B. (2015d). La paradoja del cupo universitario en Venezuela. IV Congreso de Ciencia tecnología e Innovación, Círculo Militar. Caracas: Observatorio Nacional de Ciencia y Tecnología.}
},
@article{Ancidey_c_2015,
	title = {c). Dinámica poblacional del sistema universitario venezolano.},
	author = {Ancidey, B and , II},
	year = {2015},
	journal = {de Investigadores en Administracin y Finanzas Caracas Universidad Nacional Experimental Simn Rodrguez},
	note = {[Original String]:
Ancidey, B. (2015c). Dinámica poblacional del sistema universitario venezolano. II Encuentro de Investigadores en Administración y Finanzas. Caracas: Universidad Nacional Experimental Simón Rodríguez.}
},
@article{Ancidey_b_2015,
	title = {b). El sistema universitario venezolano como red compleja.},
	author = {Ancidey, B and , III and , Higuerote Universidad},
	year = {2015},
	journal = {Regional de Ciencia y Tecnologa  cnica Territorial Argelia Laya Higuerote Observatorio Nacional de Ciencia y Tecnologa},
	note = {[Original String]:
Ancidey, B. (2015b). El sistema universitario venezolano como red compleja. III Encuentro Regional de Ciencia y Tecnología 2015. Higuerote, Universidad Politécnica Territorial Argelia Laya. Higuerote: Observatorio Nacional de Ciencia y Tecnología.}
},
@article{Ancidey_a_2015,
	title = {a). Modelo gerencial de la atractividad social de las disciplinas académicas universitarias en Venezuela.},
	author = {Ancidey, B},
	year = {2015},
	journal = {Tesis doctoral Caracas Universidad Nacional Experimental Politcnica de la Fuerza Armada Nacional},
	note = {[Original String]:
Ancidey, B. (2015a). Modelo gerencial de la atractividad social de las disciplinas académicas universitarias en Venezuela. Tesis doctoral. Caracas: Universidad Nacional Experimental Politécnica de la Fuerza Armada Nacional.}
},
@article{Ancidey_La_2012,
	title = {La complejidad en la gerencia del proceso de ingreso a la educación universitaria venezolana.},
	author = {Ancidey, B and Tomo, II},
	year = {2012},
	journal = {Memorias del 1er Congreso Venezolano de Ciencia Tecnologa e Investigacin Hotel Alba Caracas Septiembre  pgs  Caracas Observatorio Nacional de Ciencia y Tecnologa},
	pages = {462-463},
	note = {[Original String]:
Ancidey, B. (2012). La complejidad en la gerencia del proceso de ingreso a la educación universitaria venezolana. Memorias del 1er Congreso Venezolano de Ciencia, Tecnología e Investigación, Hotel Alba Caracas, Septiembre. Tomo II, págs. 462-463. Caracas: Observatorio Nacional de Ciencia y Tecnología.}
},
@article{Aitkins_Statistical_1986,
	title = {Statistical modelling issues in school effectiveness studies.},
	author = {Aitkins, M and Longford, N and Series, A},
	year = {1986},
	journal = {Journal of the Roya Statistical Society General149},
	pages = {1-43},
	note = {[Original String]:
Aitkins, M., Longford, N. (1986). Statistical modelling issues in school effectiveness studies. Journal of the Roya Statistical Society Series A (General)(149), 1-43.}
},
@article{Wilson_The_1974,
	title = {The renormalization group and the ε expansion. Physics Reports (of Physics Letters), , .},
	author = {Wilson, K and Kogut, J and Section, C},
	year = {1974},
	volume = {12},
	number = {2},
	pages = {75-200},
	note = {[Original String]:
Wilson, K., Kogut, J. (1974). The renormalization group and the ε expansion. Physics Reports (Section C of Physics Letters), 12(2), 75-200.}
},
@article{Indicadores_UNESCO_2014,
	title = {{Indicadores UNESCO de cultura para el desarrollo-Manual Metodológico}},
	author = {{UNESCO}},
	year = {2014},
	note = {[Original String]:
UNESCO. (2014). Indicadores UNESCO de cultura para el desarrollo, Manual Metodológico. París: UNESCO.}
},
@article{UNESCO_2012,
	title = {{Indicadores UNESCO de Cultura para el desarrollo}},
	author = {{UNESCO}},
	year = {2012},
	journal = {París, UNESCO},
	note = {[Original String]:
UNESCO. (2012). Indicadores UNESCO de Cultura para el desarrollo. París: UNESCO.}
},
@article{UNESCO_2011,
	title = {{Marco analítico de indicadores culturales de UNESCO}},
	author = {{UNESCO}},
	year = {2011},
	journal = {Madrid, UNESCO},
	note = {[Original String]:
UNESCO. (2011). Marco analítico de indicadores culturales de UNESCO. Madrid: UNESCO.}
},
@article{Indicadores_de_UNESCO_2011,
	title = {{Batería de Indicadores UNESCO en Cultura para el Desarrollo}},
	author = {{UNESCO}},
	year = {2011},
	journal = {París, UNESCO},
	note = {[Original String]:
UNESCO. (2011). Batería de Indicadores UNESCO en Cultura para el Desarrollo. París: UNESCO.}
},
@article{Perez_2014,
	title = {Pérez Fernández, V. . Los modelos multinivel en el análisis de factores de rieso de sibilancias recurrentes en lactantes.},
	year = {2014},
	journal = {Enfoque frecuentista y bayesianoTesis Doctoral para optar al grado de doctor Murcia Facultad de Medicina Universidad de Murcia},
	note = {[Original String]:
Pérez Fernández, V. (2014). Los modelos multinivel en el análisis de factores de rieso de sibilancias recurrentes en lactantes. Enfoque frecuentista y bayesiano.Tesis Doctoral para optar al grado de doctor. Murcia: Facultad de Medicina Universidad de Murcia.}
},
@article{Mesoudi_Introduction:_2011,
	title = {Introduction: integrating genetic and cultural evolutionary approaches to language.},
	author = {Mesoudi, Alex and McElligott, Alan G and Adger, David},
	year = {2011},
	journal = {Human biology},
	volume = {83},
	number = {2},
	ISSN = {0018-7143},
	DOI = {10.3378/027.083.0201},
	pages = {141-51},
	url = {http://www.ncbi.nlm.nih.gov/sites/entrez?Db=pubmed&DbFrom=pubmed&Cmd=Link&LinkName=pubmed_pubmed&LinkReadableName=Related%20Articles&IdsFromResult=21615283&ordinalpos=3&itool=EntrezSystem2.PEntrez.Pubmed.Pubmed_ResultsPanel.Pubmed_RVDocSum}
},
@article{Ancidey_b._2016,
	title = {b). Atractividad cuántica universitaria.},
	author = {Ancidey, B and , XIV and , V},
	year = {2016},
	journal = {de Investigacin Educativa y Internacional de Educacin UCV del 17 al 21 de Octubre Caracas Ediciones de la de Invetigacin Educativa},
	note = {[Original String]:
Ancidey, B. (2016b). Atractividad cuántica universitaria. XIV Jornada de Investigación Educativa y V Congreso Internacional de Educación, UCV, del 17 al 21 de Octubre. Caracas: Ediciones de la XIV Jornada de Invetigación Educativa.}
}
@book{Exposicion_2009,
	title = {{Exposición de motivos del Proyecto de Ley de Presupuesto para el ejercicio económico financiero 2009}},
	author = {{República Bolivariana de Venezuela}},
	year = {2009},
	note = {
República Bolivariana de Venezuela (2009). Exposición de motivos del Proyecto de Ley de Presupuesto para el ejercicio económico financiero 2009. Caracas}
},
@book{Exposicion_2016,
	title = {{Exposición de motivos del Proyecto de Ley de Presupuesto para el ejercicio económico financiero 2016}},
	author = {{República Bolivariana de Venezuela}},
	year = {2016},
	note = {
República Bolivariana de Venezuela (2016). Exposición de motivos del Proyecto de Ley de Presupuesto para el ejercicio económico financiero 2016. Caracas}
}
@article{Constitución,
	title = {{Constitución de la República Bolivariana de Venezuela 1999, con la Enmienda No. 1 sancionada por la Asamblea Nacional el 14/01/2009}},
	author = {{Asamblea Nacional}},
	year = {2009},
	journal = {Gaceta Oficial No. 5908, extraordinario de fecha 19 de febrero de 2009}
}
@article{LOC,
	title = {{Ley Orgánica de la Cultura, Decreto Nº 1.411}},
	author = {{Asamblea Nacional}},
	year = {2014},
	journal = {Gaceta Oficial Extraordinaria de la República Bolivariana de Venezuela Nº 6.154, 19 de noviembre de 2014}
}
@incollection{Castellanos,
  author       = {Castellanos Ribot, A.}, 
  title        = {Sistemas de información cultural},
  booktitle    = {{Manual Atalaya de
gestión cultural}},
  publisher    = {Universidad de Cádiz},
  year         = 2017,
  editor       = {L Ben Andrés & C. Zambrano Rodríguez & C. Ojeda Gómez},
  chapter      = 8_4,
  pages        = {1-18},
  address      = {{Cádiz}},
  note         = {Apoyo a la gestión cultural}
}